@Manual{CRAN:knitr,
  title =        {knitr: A General-Purpose Package for Dynamic Report
                  Generation in R},
  author =       {Yihui Xie},
  year =         {2017},
  note =         {R package version 1.17},
  url =          {https://yihui.name/knitr/},
}

@Manual{CRAN:rmarkdown,
  title =        {rmarkdown: Dynamic Documents for R},
  author =       {JJ Allaire and Joe Cheng and Yihui Xie and Jonathan
                  McPherson and Winston Chang and Jeff Allen and
                  Hadley Wickham and Aron Atkins and Rob Hyndman and
                  Ruben Arslan},
  year =         {2017},
  note =         {R package version 1.6},
  url =          {https://CRAN.R-project.org/package=rmarkdown},
}

@Manual{,
    title = {dplyr: A Grammar of Data Manipulation},
    author = {Hadley Wickham and Romain François and Lionel Henry and Kirill Müller},
    year = {2018},
    note = {R package version 0.7.6},
    url = {https://CRAN.R-project.org/package=dplyr},
  }

@Manual{CRAN:rticles,
  title =        {rticles: Article Formats for R Markdown},
  author =       {JJ Allaire and {R Foundation} and Hadley Wickham and
                  {Journal of Statistical Software} and Yihui Xie and
                  Ramnath Vaidyanathan and {Association for Computing
                  Machinery} and Carl Boettiger and {Elsevier} and
                  Karl Broman and Kirill Mueller and Bastiaan Quast
                  and Randall Pruim and Ben Marwick and Charlotte
                  Wickham and Oliver Keyes and Miao Yu},
  year =         {2017},
  note =         {R package version 0.4.1},
  url =          {https://CRAN.R-project.org/package=rticles},
}

@Manual{CRAN:tinytex,
    title = {tinytex: Helper Functions to Install and Maintain TeX
      Live, and Compile LaTeX Documents},
    author = {Yihui Xie},
    year = {2022},
    note = {R package version 0.42},
    url = {https://github.com/rstudio/tinytex},
  }
  
@Book{CRAN:ggplot2,
    author = {Hadley Wickham},
    title = {ggplot2: Elegant Graphics for Data Analysis},
    publisher = {Springer-Verlag New York},
    year = {2016},
    isbn = {978-3-319-24277-4},
    url = {https://ggplot2.tidyverse.org},
  }
  
  @Article{CRAN:tidyverse,
    title = {Welcome to the {tidyverse}},
    author = {Hadley Wickham and Mara Averick and Jennifer Bryan and
      Winston Chang and Lucy D'Agostino McGowan and Romain François and
      Garrett Grolemund and Alex Hayes and Lionel Henry and Jim Hester
      and Max Kuhn and Thomas Lin Pedersen and Evan Miller and Stephan
      Milton Bache and Kirill Müller and Jeroen Ooms and David Robinson
      and Dana Paige Seidel and Vitalie Spinu and Kohske Takahashi and
      Davis Vaughan and Claus Wilke and Kara Woo and Hiroaki Yutani},
    year = {2019},
    journal = {Journal of Open Source Software},
    volume = {4},
    number = {43},
    pages = {1686},
    doi = {10.21105/joss.01686},
  }

  @Manual{CRAN:stargazer,
    title = {stargazer: Well-Formatted Regression and Summary
      Statistics Tables},
    author = {Marek Hlavac},
    year = {2022},
    note = {R package version 5.2.3},
    organization = {Social Policy Institute},
    address = {Bratislava, Slovakia},
    url = {https://CRAN.R-project.org/package=stargazer},
  }

@incollection{art:UCI,
  author = {Ferda Ünal},
  title = {Data Mining for Student Performance Prediction in Education},
  booktitle = {Data Mining},
  publisher = {IntechOpen},
  address = {Rijeka},
  year = {2020},
  editor = {Derya Birant},
  chapter = {9},
  doi = {10.5772/intechopen.91449},
  url = {https://doi.org/10.5772/intechopen.91449}
}




